@ARTICLE{2020SciPy-NMeth,
       author = {{Virtanen}, Pauli and {Gommers}, Ralf and {Oliphant},
         Travis E. and {Haberland}, Matt and {Reddy}, Tyler and
         {Cournapeau}, David and {Burovski}, Evgeni and {Peterson}, Pearu
         and {Weckesser}, Warren and {Bright}, Jonathan and {van der Walt},
         St{\'e}fan J.  and {Brett}, Matthew and {Wilson}, Joshua and
         {Jarrod Millman}, K.  and {Mayorov}, Nikolay and {Nelson}, Andrew
         R.~J. and {Jones}, Eric and {Kern}, Robert and {Larson}, Eric and
         {Carey}, CJ and {Polat}, {\.I}lhan and {Feng}, Yu and {Moore},
         Eric W. and {Vand erPlas}, Jake and {Laxalde}, Denis and
         {Perktold}, Josef and {Cimrman}, Robert and {Henriksen}, Ian and
         {Quintero}, E.~A. and {Harris}, Charles R and {Archibald}, Anne M.
         and {Ribeiro}, Ant{\^o}nio H. and {Pedregosa}, Fabian and
         {van Mulbregt}, Paul and {Contributors}, SciPy 1. 0},
        title = "{SciPy 1.0: Fundamental Algorithms for Scientific
                  Computing in Python}",
      journal = {Nature Methods},
      year = "2020",
      volume={17},
      pages={261--272},
      adsurl = {https://rdcu.be/b08Wh},
      doi = {https://doi.org/10.1038/s41592-019-0686-2},
}

@MISC{2020-Mosca-Kurlin,
       author = {M. Mosca and V. Kurlin},
        title = "{Algorithmic challenges of computational geometry motivated by applications in 					crystallography}",
      year = "2020",
      howpublished = {Leibniz International Proceedings in Informatics}
}

@ARTICLE{point-dist,
       author = {Peter D. Lax and Ralph S. Phillips},
        title = {The Asymptotic Distribution of Lattice Points in Euclidean and Non-Euclidean Spaces},
      year = "1982",
      volume = "46",
      number = "3",
      pages = {280--350},
      doi = {https://doi.org/10.1016/0022-1236(82)90050-7},
}

@MISC{T2,
  author = {National Center for Biotechnology Information},
  title = {PubChem Compound Summary for CID 102454613},
  note = {Online; accessed September 5, 2020},
  url = {https://pubchem.ncbi.nlm.nih.gov/compound/102454613}
}

@MISC{CIF,
  author = {International Union of Crystallography},
  title = {CIF Version 1.1 Working specification},
  url = {https://www.iucr.org/resources/cif/spec/version1.1},
}

@BOOK{GHH,
	author = {G.H. Hardy},
	title = {Ramanujan: Twelve Lectures on Subjects Suggested by His Life and Work},
	publisher = {Chelsea Publishing Company, N.Y.},
	year = {1959},
	edition = {3rd}
}

@misc{mosca2020average,
    title={Average Minimum Distances continuously quantify similarities between geometries of any crystal structures},
    author={M. Mosca and V. Kurlin},
    year={2020},
    eprint={2009.02488},
    archivePrefix={arXiv},
}

@ARTICLE{Nature,
	title = {Functional materials discovery using energy-structure-function maps},
	author = {A. Pulido and L. Chen and T. Kaczorowski and et al.},
	journal = {Nature},
	year = {2017},
	doi = {10.1038/nature21419},
	pages = {657--664},
	volume = {543}
}
